@article{article,
author = {I. Toledo-Alvarado, J and Guzman-Arenas, Adolfo and L. Martínez-Luna, G},
year = {2012},
month = {12},
pages = {398-404},
title = {Automatic Building of an Ontology from a Corpus of Text Documents Using Data Mining Tools},
volume = {10},
journal = {Journal of applied research and technology}
}

@article{defOnto,
author = {Thomas R. Gruber},
year = {2005},
month = {},
pages = {199-220},
title = {A translation approach to portable ontology  specifications,  Knowledge  Acquisition},
volume = {5},
journal = {Special issue: Current issues in knowledge modeling}
}

@article{process1,
author = {Paul Buitelaar, Philipp Cimiano, Bernardo Magnini},
year = {1993},
month = {6},
pages = {199-220},
title = {Ontology Learning from Text: An Overview, in Ontology Learning from Text: Methods, Evaluation and Applications},
volume = {123},
journal = {Frontiers in Artificial Intelligence and Applications volume}
}


@article{apriori,
author = {Rakesh Agrawal and Ramakrishnan Srikant},
year = {1994},
pages = {489-499},
title = {FastAlgorithms for Mining Association Rules in Large Databases},
volume = {123},
journal = {In Proceedings of the 20th International Conference on Very Large Data Bases (VLDB '94),}
}



@article{apache,
journal = {http://pdfbox.apache.org/}
}

@inproceedings{inproceedings,
author = {Vasilateanu, Andrei and Goga, Nicolae and Tanase, Elena-Alice and Marin, Iuliana},
year = {2015},
month = {07},
pages = {},
title = {Enterprise Domain Ontology Learning From Web-Based Corpus},
doi = {10.1109/ICCCNT.2015.7395227}
}

@article{avantage,
author = {C. Mangold},
year = {2007},
month = {},
pages = {23-24},
title = {A survey and classification of semantic search approaches},
volume = {2},
journal = {Knowledge acquisition}
}


@article{nlp,
author = {P. Cimiano},
year = {2006},
title = {Ontology learning from text},
journal = {Springer US}
}

@article{swoogle,
author = {L. Ding},
year = {2004},
pages = {652-659},
title = {Swoogle: a search and metadata engine for the semantic web},
journal = {in Proceedings of the thirteenth ACM international conference on
Information and knowledge management}
}


@article{IA,
author = {Newell, A},
year = {1980},
pages = {652-659},
title = {The Knowledge Level},
journal = {American Association for Artificial Intelligence, Stanford University}
}
\\
@article{avenement,
author = {Luong},
year = {2007},
pages = {652-659},
title = {Gestion de l'évolution d'un Web Sémantique d'entreprise},
journal = {L'école de Paris}
}

@article{w3c,
author = {Berners-Lee},
year = {2001},
title = {Conceptual graphs and the semantic web -
reflections on web architecture},
journal = {http://www.w3.org/DesignIssues/CG.html.}
}

@article{kayser,
author = {Kayser, D.},
year = {1997},
title = {La représentation des connaissances},
journal = {ISBN 2-86601-647-5, Hermès, Paris}
}


